<?xml version="1.0" encoding="UTF-8"?><collection><record><leader>10928ntm a2201021 a 4500</leader><controlfield tag="001">006822198</controlfield><controlfield tag="003">MiAaHDL</controlfield><controlfield tag="005">20190720000000.0</controlfield><controlfield tag="006">m        d        </controlfield><controlfield tag="007">cr bn ---auaua</controlfield><controlfield tag="008">090623s1874    xx            00| ||ota d</controlfield><datafield tag="035" ind1=" " ind2=" "><subfield code="a">(MiU)006822198</subfield></datafield><datafield tag="035" ind1=" " ind2=" "><subfield code="a">sdr-miu006822198</subfield></datafield><datafield tag="040" ind1=" " ind2=" "><subfield code="a">MiU</subfield><subfield code="c">MiU</subfield><subfield code="e">amremm</subfield></datafield><datafield tag="041" ind1="0" ind2=" "><subfield code="a">ota</subfield></datafield><datafield tag="043" ind1=" " ind2=" "><subfield code="a">n-us-mi</subfield><subfield code="a">a-tu---</subfield><subfield code="a">a-ir---</subfield></datafield><datafield tag="100" ind1="0" ind2=" "><subfield code="6">880-01</subfield><subfield code="a">Münif Paşa,</subfield><subfield code="d">1830?-1910.</subfield></datafield><datafield tag="245" ind1="1" ind2="0"><subfield code="6">880-03</subfield><subfield code="a">[İran risalesi,</subfield><subfield code="f">ca. 1291, i.e. 1874].</subfield></datafield><datafield tag="246" ind1="3" ind2=" "><subfield code="a">رساله</subfield></datafield><datafield tag="246" ind1="3" ind2=" "><subfield code="a">Risale</subfield></datafield><datafield tag="246" ind1="3" ind2=" "><subfield code="a">İran hâtırâtı</subfield></datafield><datafield tag="246" ind1="3" ind2=" "><subfield code="a">İran'a giden ricâl-i Osmaniyye hakkında mâlûmât</subfield></datafield><datafield tag="260" ind1=" " ind2=" "><subfield code="c">[ca. 1874].</subfield></datafield><datafield tag="300" ind1=" " ind2=" "><subfield code="a">16 leaves :</subfield><subfield code="b">paper ;</subfield><subfield code="c">280 x 207 (196 x 134) mm.</subfield></datafield><datafield tag="500" ind1=" " ind2=" "><subfield code="a">Shelfmark: Ann Arbor, University of Michigan, Special Collections Library, Isl. Ms. 392</subfield></datafield><datafield tag="500" ind1=" " ind2=" "><subfield code="a">Origin: As appears at close of preface (p.2), composed end of Ṣafar 1291 [1874]. This copy likely executed shortly afterward.</subfield></datafield><datafield tag="500" ind1=" " ind2=" "><subfield code="a">Former shelfmark: "156 [or 256 ?] T. De M. [i.e. Tammaro De Marinis]" and "254" in pencil on verso of front flyleaf.</subfield></datafield><datafield tag="500" ind1=" " ind2=" "><subfield code="a">Binding: Pasteboards covered in painted lacquerwork with brown leather over spine ; Type III binding (without flap) ; two-piece binding (overlapping flanges visible at spine, exterior and interior) ; doublures each in painted lacquerwork, a solid red field ; upper and lower covers carry paintings depicting each of two gates of Tehran (Darvāzah-i Dawlat on upper cover, Darvāzah-i Nāṣirīyah on lower cover) as indicated by inscriptions "دروازه دولت در طهران" and "دروازه ناصريه در طهران" ; sewn in cream thread, eight and four stations ; overall in fairly good condition with minor losses of lacquer and paint.</subfield></datafield><datafield tag="500" ind1=" " ind2=" "><subfield code="a">Support: Opening gathering in non-European (likely Persian) laid paper with roughly 9 laid lines per cm. (horizontal, curving, somewhat indistinct) and no chain lines plainly visible, cloudy formation, inclusions, dense and fairly thick though transluscent, beige to gray in color, well-sized and burnished ; paintings on sturdy paper now affixed with adhesive to quite heavy, opaque sheets of paper, cream in color.</subfield></datafield><datafield tag="500" ind1=" " ind2=" "><subfield code="a">Decoration: Illuminated headpiece (ʻunwān / sarlawḥ) at opening on p.2 consisting of rectangular piece with empty gold cartouch flanked by vegetal motifs in gold on fields of lapiswith bright green and red accents surmounted by a well of red with white crosses flanked by narrow green bands filled with swirling vegetal and floral motifs (saz leaves, etc.) in gold with white, red, blue and green accents set among an empty scalloped medallion and triangular edge pieces to give a vaguely w-shaped effect ; written area throughout surrounded by gold frame with outermost blue rule, margins also outlined in narrow gold bands defined by black fillets ; headings and vocalization in rubricated ; text followed by eight fine watercolor portraits of the envoys (compare figures as they appear in watercolors based on the life-size wall paintings at Nigāristān Palace, see AKM00502 Aga Khan Museum and no.34 in Diba, ed. Royal Persian Paintings: The Qajar Epoch 1785-1925).</subfield></datafield><datafield tag="500" ind1=" " ind2=" "><subfield code="a">Script: Nastaʻlīq ; exquisite hand in a medium line ; characteristically serifless with effect of words gently descending to baseline, elongation and contrasting thickness of horizontal strokes, pointing mainly in distinct but conjoined dots, bowl of nūn wide and angled with dot set just down within.</subfield></datafield><datafield tag="500" ind1=" " ind2=" "><subfield code="a">Layout: Written chiefly in 11 lines per page ; frame-ruled (impression of ruling board evident).</subfield></datafield><datafield tag="500" ind1=" " ind2=" "><subfield code="a">Collation: i, IV (8), 4 I(16), i ; single quaternion followed by composed "single bifolia" hinged together with strips of cloth ; catchwords present ; each painting mounted on the verso of a separate leaf with the recto left blank ; foliation in pencil, Hindu-Arabic numerals, appearing on recto of leaves carrying paintings (begins with ١ on first leaf, p.17) ; pagination in pencil, Western numerals, supplied during cataloguing.</subfield></datafield><datafield tag="500" ind1=" " ind2=" "><subfield code="a">Explicit: "... اواخر رجبده نامه همايونك جوابنى اخذ ايله عودت ايلديلر"</subfield></datafield><datafield tag="500" ind1=" " ind2=" "><subfield code="a">Incipit: "فتحعلى شاه زماننده رجال ومأمورين دولت عليه دن ايرانه كلمشن اولان بعض ددانك [ذواتك] تصويرلرى طهرانده شاه مشار اليهك انشا كرده سى اولان نكارستان كوشكى ديوارنده نقش اولنمش اولمغله تصاوير مذكوره و ايران تاريخلرنده بونلره متعلق دسترس اوله بيلديكم بعض معلومات اشبو رساله يه نقل و درج اولندى غرض نقشی است کز ما بازماند که هستی را نمی بینم بقایی فی اواخر سهر صفر من سنة الف ومأتین و واحد و تسعین يسجى زاده سيد عبد الوهاب افندى بيك ايكى يوز يكرمى التى سنه سنده شاكر وحيرت افندىلر دخى رفاقتده اولديغىحالده خاقان خلد آشيان سلطان محمود خان ثانى طرفندن سفارتله فتحعلى شاه نزدينه ارسال اولنوب ..."</subfield></datafield><datafield tag="500" ind1=" " ind2=" "><subfield code="a">Title supplied by cataloguer.</subfield></datafield><datafield tag="500" ind1=" " ind2=" "><subfield code="a">Ms. codex.</subfield></datafield><datafield tag="505" ind1="0" ind2=" "><subfield code="a">22. p.32 : عويف ابن السيد الحضرمى فرستاده والى يمن بنزد فتحعلى شاه.</subfield></datafield><datafield tag="505" ind1="0" ind2=" "><subfield code="a">21. p.31 : [blank].</subfield></datafield><datafield tag="505" ind1="0" ind2=" "><subfield code="a">20. p.30 : شيخ محمد سفير سعود ابن عبد العزيز الوهابى بنزد فتحعلى شاه.</subfield></datafield><datafield tag="505" ind1="0" ind2=" "><subfield code="a">19. p.29 : [blank].</subfield></datafield><datafield tag="505" ind1="0" ind2=" "><subfield code="a">18. p.28 : عبد الرحمن پاشا بابان.</subfield></datafield><datafield tag="505" ind1="0" ind2=" "><subfield code="a">17. p.27 : [blank].</subfield></datafield><datafield tag="505" ind1="0" ind2=" "><subfield code="a">16. p.26 : جلال الدين افندى سفير سلطان محمود خان ثانى بنزد فتحعلى شاه.</subfield></datafield><datafield tag="505" ind1="0" ind2=" "><subfield code="a">15. p.25 : [blank].</subfield></datafield><datafield tag="505" ind1="0" ind2=" "><subfield code="a">14. p.24 : سركاتب سيد عبد الوهاب افندى سفير سلطان محمود خان ثانى بنزد فتحعلى شاه.</subfield></datafield><datafield tag="505" ind1="0" ind2=" "><subfield code="a">13. p.23 : [blank].</subfield></datafield><datafield tag="505" ind1="0" ind2=" "><subfield code="a">12. p.22 : شاكر افندى مأمور معيت سيد عبد الوهاب افندى سفير عثمانى.</subfield></datafield><datafield tag="505" ind1="0" ind2=" "><subfield code="a">11. p.21 : [blank].</subfield></datafield><datafield tag="505" ind1="0" ind2=" "><subfield code="a">10. p.20 : حيرات افندى مأمور معيت سيد عبد الوهاب افندى سفير عثمانى.</subfield></datafield><datafield tag="505" ind1="0" ind2=" "><subfield code="a">9. p.19 : [blank].</subfield></datafield><datafield tag="505" ind1="0" ind2=" "><subfield code="a">8. p.18 : سيد عبد الوهاب افندى سفير سلطان محمود ثانى بنزد فتحعلى شاه.</subfield></datafield><datafield tag="505" ind1="0" ind2=" "><subfield code="a">7. p.16-p.17 : [blank].</subfield></datafield><datafield tag="505" ind1="0" ind2=" "><subfield code="a">6. p.15 : سليمان افندى.</subfield></datafield><datafield tag="505" ind1="0" ind2=" "><subfield code="a">5. p.6-p.15 : عبد الرحمن پاشا بابان.</subfield></datafield><datafield tag="505" ind1="0" ind2=" "><subfield code="a">4. p.4-p.6 : جلال الدين فندى.</subfield></datafield><datafield tag="505" ind1="0" ind2=" "><subfield code="a">3. p.2-p.4 : يسجى زاده سيد عبد الوهاب افندى.</subfield></datafield><datafield tag="505" ind1="0" ind2=" "><subfield code="a">2. p.2 : [preface].</subfield></datafield><datafield tag="505" ind1="0" ind2=" "><subfield code="a">1. p.1 : [blank].</subfield></datafield><datafield tag="510" ind1="4" ind2=" "><subfield code="a">Diba, Layla S., Ed. with Maryam Ekhtiar. Royal Persian Paintings: The Qajar Epoch 1785-1925. (Brooklyn, N.Y. : Brooklyn Museum of Art in association with I.B. Tauris Publishers, 1998),</subfield><subfield code="c">no.38, pp.174-5</subfield></datafield><datafield tag="510" ind1="4" ind2=" "><subfield code="a">Diba, Layla S. "Images of power and the power of images: intention and response in early Qajar painting (1785-1834)." In Royal Persian paintings: the Qajar epoch, 1785-1925. Ed. Layla S. Diba with Maryam Ekhtiar (London: Tauris, in association with Brooklyn Museum of Art, 1998): 30-49.</subfield></datafield><datafield tag="510" ind1="4" ind2=" "><subfield code="a">Arkeoloji Müzesi Kütüphanesi TY No: 401</subfield></datafield><datafield tag="510" ind1="4" ind2=" "><subfield code="a">İstanbul Üniversitesi Kütüphanesi TY 4422</subfield></datafield><datafield tag="510" ind1="4" ind2=" "><subfield code="a">Mango, A. J., " Münīf Pas̲h̲a,"</subfield><subfield code="c">In EI2</subfield></datafield><datafield tag="510" ind1="4" ind2=" "><subfield code="a">Budak, Ali. Batılılaşma sürecinde çok yönlü bir Osmanlı aydını : Münif Paşa. Cağaloğlu, İstanbul : Kitabevi, 2004.</subfield></datafield><datafield tag="510" ind1="4" ind2=" "><subfield code="a">Bilim, Cahit. "Elçi, M. Seyid Abdülvahab Efendi, Yazar, Sefaret Tercümanı Bozoklu Osman Şakir Efendi Musavver İran Sefaretnamesi." OTAM: Ankara Üniversitesi Osmanlı Tarihi Araştırma ve Uygulama Merkezi Dergisi, 13 (2002): 261-286.</subfield></datafield><datafield tag="510" ind1="4" ind2=" "><subfield code="a">Akın, Âdem. Münif Paşa ve Türk kültür tarihindeki yeri. Ankara : Atatürk Kültür Merkezi, 1999.</subfield></datafield><datafield tag="510" ind1="4" ind2=" "><subfield code="a">University of Michigan Library. Manuscripts &amp; papyri : an exhibition arranged for the XXVII International Congress of Orientalists, Ann Arbor, Michigan, August 13-19, 1967. (Ann Arbor, MI [?], 1967),</subfield><subfield code="c">no.33, p.9</subfield></datafield><datafield tag="520" ind1="8" ind2=" "><subfield code="a">Exquisite copy of a short treatise composed by Mehmet Tahir Münif Paşa (d.1910) (see p.28-29, Ek I (147-152), Ek V, Ek VIII in Akın, Münif Paşa ve Türk kültür tarihindeki yeri and p.435-436 in Budak, Batılılaşma sürecinde çok yönlü bir Osmanlı aydını : Münif Paşa) chiefly on envoys sent from the Ottoman sultan Mahmud II (r.1808 to 1839) to the court of Fatḥ ʻAlī Shāh Qājār (r.1797-1834) and depicted in the wall paintings at Nigāristān Palace. Accompanied by fine watercolor portraits of these individuals and other envoys at the court. Addressed in the text are the ambassador Yescizade [Yasincizade] Seyyid Abdülvehhab Efendi (Seyit Abdülvahap Efendi) (d.1833), the ambassador Celalüddin Efendi, Aburrahman Paşa-yı Baban, and Süleyman Efendi. Addressed in the portraits are Abdülvahap Efendi, his attachés Hayret Efendi and Șakir Efendi and his serkatip, Celalüddin Efendi, Aburrahman Paşa-yı Baban, Shaykh Muḥammad (ambassador of Saʻūd ibn ʻAbd al-ʻAzīz), and ʻUwayf ibn al-Sayyid al-Ḥaḍramī (envoy of the governor of Yemen).</subfield></datafield><datafield tag="538" ind1=" " ind2=" "><subfield code="a">Mode of access: Internet.</subfield></datafield><datafield tag="541" ind1=" " ind2=" "><subfield code="c">Purchase ;</subfield><subfield code="a">Acquired by purchase (funds donated by Horace Rackham).</subfield><subfield code="d">1924.</subfield></datafield><datafield tag="546" ind1=" " ind2=" "><subfield code="a">Ottoman Turkish.</subfield></datafield><datafield tag="561" ind1=" " ind2=" "><subfield code="a">At close of preface (p.2), author's signature now effaced (compare other manuscripts İstanbul Üniversitesi Kütüphanesi TY 4422 and Arkeoloji Müzesi Kütüphanesi TY No: 401) ; clean copy.</subfield></datafield><datafield tag="600" ind1="0" ind2="0"><subfield code="a">Turkey</subfield><subfield code="x">History</subfield><subfield code="y">Mahmud II, 1808-1839</subfield><subfield code="v">Sources.</subfield></datafield><datafield tag="600" ind1="1" ind2="0"><subfield code="a">Qājār, Fatḥ ʻAlī Shāh,</subfield><subfield code="c">Shah of Iran,</subfield><subfield code="d">-1834.</subfield></datafield><datafield tag="650" ind1=" " ind2="0"><subfield code="a">Manuscripts, Turkish</subfield><subfield code="z">Michigan</subfield><subfield code="z">Ann Arbor.</subfield></datafield><datafield tag="650" ind1=" " ind2="0"><subfield code="a">Diplomats</subfield><subfield code="z">Turkey</subfield><subfield code="v">Biography.</subfield></datafield><datafield tag="650" ind1=" " ind2="0"><subfield code="a">Ambassadors</subfield><subfield code="z">Turkey</subfield><subfield code="v">Biography.</subfield></datafield><datafield tag="651" ind1=" " ind2="0"><subfield code="a">Iran</subfield><subfield code="x">History</subfield><subfield code="y">Qajar dynasty, 1794-1925</subfield><subfield code="v">Sources.</subfield></datafield><datafield tag="651" ind1=" " ind2="0"><subfield code="a">Turkey</subfield><subfield code="x">History</subfield><subfield code="y">Ottoman Empire, 1288-1918</subfield><subfield code="v">Sources.</subfield></datafield><datafield tag="651" ind1=" " ind2="0"><subfield code="a">Iran</subfield><subfield code="x">Court and courtiers</subfield><subfield code="y">19th century.</subfield></datafield><datafield tag="651" ind1=" " ind2="0"><subfield code="a">Iran</subfield><subfield code="x">Foreign relations</subfield><subfield code="z">Turkey</subfield><subfield code="y">19th century.</subfield></datafield><datafield tag="651" ind1=" " ind2="0"><subfield code="a">Turkey</subfield><subfield code="x">Foreign relations</subfield><subfield code="z">Iran</subfield><subfield code="y">19th century.</subfield></datafield><datafield tag="655" ind1=" " ind2="7"><subfield code="a">Headpieces (layout features)</subfield><subfield code="y">19th century.</subfield><subfield code="2">aat</subfield></datafield><datafield tag="700" ind1="0" ind2=" "><subfield code="a">Abdülhamid</subfield><subfield code="b">II,</subfield><subfield code="c">Sultan of the Turks,</subfield><subfield code="d">1842-1918,</subfield><subfield code="e">former owner.</subfield></datafield><datafield tag="773" ind1="0" ind2=" "><subfield code="a">Abdul Hamid Collection.</subfield></datafield><datafield tag="880" ind1="1" ind2="0"><subfield code="6">245-03/</subfield><subfield code="a">[ايران رساله سى,</subfield><subfield code="f">ح 1291ه، 1874م].</subfield></datafield><datafield tag="880" ind1="0" ind2=" "><subfield code="6">100-01/</subfield><subfield code="a">منيف باشا محمد طاهر.</subfield></datafield><datafield tag="CID" ind1=" " ind2=" "><subfield code="a">006822198</subfield></datafield><datafield tag="DAT" ind1="0" ind2=" "><subfield code="a">20190720040316.0</subfield><subfield code="b">20190720000000.0</subfield></datafield><datafield tag="DAT" ind1="1" ind2=" "><subfield code="a">20190720090506.0</subfield><subfield code="b">2019-07-20T16:14:40Z</subfield></datafield><datafield tag="DAT" ind1="2" ind2=" "><subfield code="a">2015-10-02T18:00:03Z</subfield><subfield code="b">2014-04-23T20:00:03Z</subfield></datafield><datafield tag="CAT" ind1=" " ind2=" "><subfield code="a">SDR-MIU</subfield><subfield code="d">EX LIBRIS - ALEPH</subfield><subfield code="l">prepare.pl-004-008</subfield></datafield><datafield tag="FMT" ind1=" " ind2=" "><subfield code="a">BK</subfield></datafield><datafield tag="HOL" ind1=" " ind2=" "><subfield code="0">sdr-miu006822198</subfield><subfield code="a">MiU</subfield><subfield code="b">SDR</subfield><subfield code="c">MIU</subfield><subfield code="p">mdp.39015079130590</subfield><subfield code="s">MIU</subfield><subfield code="1">006822198</subfield></datafield><datafield tag="974" ind1=" " ind2=" "><subfield code="b">MIU</subfield><subfield code="c">MIU</subfield><subfield code="d">20190720</subfield><subfield code="s">lit-dlps-dc</subfield><subfield code="u">mdp.39015079130590</subfield><subfield code="y">1874</subfield><subfield code="r">pd</subfield><subfield code="q">add</subfield></datafield></record></collection>